@article{DBLP:journals/corr/abs-1802-09477,
  author    = {Scott Fujimoto and
               Herke van Hoof and
               Dave Meger},
  title     = {Addressing Function Approximation Error in Actor-Critic Methods},
  journal   = {CoRR},
  volume    = {abs/1802.09477},
  year      = {2018},
  url       = {http://arxiv.org/abs/1802.09477},
  archivePrefix = {arXiv},
  eprint    = {1802.09477},
  timestamp = {Mon, 13 Aug 2018 16:47:21 +0200},
  biburl    = {https://dblp.org/rec/bib/journals/corr/abs-1802-09477},
  bibsource = {dblp computer science bibliography, https://dblp.org}
}

@inproceedings{DBLP:journals/corr/LillicrapHPHETS15,
  author    = {Timothy P. Lillicrap and
               Jonathan J. Hunt and
               Alexander Pritzel and
               Nicolas Heess and
               Tom Erez and
               Yuval Tassa and
               David Silver and
               Daan Wierstra},
  title     = {Continuous control with deep reinforcement learning},
  booktitle = {4th International Conference on Learning Representations, {ICLR} 2016,
               San Juan, Puerto Rico, May 2-4, 2016, Conference Track Proceedings},
  year      = {2016},
  crossref  = {DBLP:conf/iclr/2016},
  url       = {http://arxiv.org/abs/1509.02971},
  timestamp = {Fri, 29 Mar 2019 10:35:07 +0100},
  biburl    = {https://dblp.org/rec/bib/journals/corr/LillicrapHPHETS15},
  bibsource = {dblp computer science bibliography, https://dblp.org}
}

@proceedings{DBLP:conf/iclr/2016,
  editor    = {Yoshua Bengio and
               Yann LeCun},
  title     = {4th International Conference on Learning Representations, {ICLR} 2016,
               San Juan, Puerto Rico, May 2-4, 2016, Conference Track Proceedings},
  year      = {2016},
  url       = {https://iclr.cc/archive/www/doku.php\%3Fid=iclr2016:accepted-main.html},
  timestamp = {Wed, 27 Mar 2019 18:11:10 +0100},
  biburl    = {https://dblp.org/rec/bib/conf/iclr/2016},
  bibsource = {dblp computer science bibliography, https://dblp.org}
}

@book{Sutton:2018:RLI:3312046,
 author = {Sutton, Richard S. and Barto, Andrew G.},
 title = {Reinforcement Learning: An Introduction},
 year = {2018},
 isbn = {0262039249, 9780262039246},
 publisher = {A Bradford Book},
 address = {USA},
} 